See biblatex manual
http://mirror.ctan.org/macros/latex/contrib/biblatex/doc/biblatex.pdf
for detailed descriptions on every possible entry type and field.

Put in the full names. Abbreviations are controlled by the bibstyle.
skipbib option can be used to exclude entry from the bibliography.
Journal titles must be abbreviated manually using shortjournal.

@Article{article:bird,
  author          = {M.Venkatesh and P.Vijayakumar},
  title           = {Transformation Technique},
  year            = {2012},
  publisher       = {International Journal of Scientific and Engineering Research},
}

@Online{www:dbscan,
  url    = {http://en.wikipedia.org/wiki/DBSCAN},
  author = {Wikipedia},
  title  = {DBSCAN},
  date   = {November, 2013},
}

@Online{www:warp,
  url    = {http://docs.opencv.org/modules/imgproc/doc/geometric_transformations.html},
  author = {OpenCV},
  title  = {Geometric Image Transformations},
  date   = {November, 2013},
}

@Online{www:opencv,
  url    = {http://opencv.org},
  author = {OpenCV},
  date   = {November, 2013},
}

